<?xml version="1.0" encoding="UTF-8"?><collection xmlns="http://www.loc.gov/MARC21/slim"><record><leader>00453nam--2200169-i-4500</leader><controlfield tag="001">000037763</controlfield><controlfield tag="002">20161230</controlfield><controlfield tag="005">20161230201041</controlfield><controlfield tag="008">060222s1000------------r-----000-0-eng-d</controlfield><datafield ind1=" " ind2=" " tag="040"><subfield code="a">IFIN-HH</subfield></datafield><datafield ind1=" " ind2=" " tag="080"><subfield code="a">539.12:524.1</subfield></datafield><datafield ind1="1" ind2=" " tag="100"><subfield code="a">Ramakrishnan, Alladi</subfield></datafield><datafield ind1="1" ind2="0" tag="245"><subfield code="a">Elementary particles and cosmic rays</subfield><subfield code="c">Alladi ramakrishnan</subfield></datafield><datafield ind1=" " ind2=" " tag="260"><subfield code="a">Oxford</subfield><subfield code="b">Pergamon Press</subfield><subfield code="c">1962</subfield></datafield><datafield ind1=" " ind2=" " tag="300"><subfield code="a">XVI + 567P</subfield></datafield><datafield ind1=" " ind2=" " tag="852"><subfield code="a">17946</subfield><subfield code="c">539.12</subfield></datafield><datafield ind1=" " ind2=" " tag="CAT"><subfield code="a">Sys</subfield><subfield code="c">20111103</subfield><subfield code="h">105408</subfield></datafield></record></collection>